@article{ref1,
	author = {Singh, Jagriti and Kaushik, Nirmala and Biswas, Soumitra},
	year = {2014},
	month = {06},
	pages = {},
	volume = {1},
	issue = {6},
	journal = {The Scitech Journal},
	title = {Bioreactors -- Technology \& Design Analysis}
}

Ziskana po klinuti na Export na stranke:
https://www.sciencedirect.com/science/article/pii/B9780124095489097335
@incollection{ref2,
title = "Kinetics of Microbial Processes☆",
booktitle = "Reference Module in Earth Systems and Environmental Sciences",
publisher = "Elsevier",
year = "2016",
isbn = "978-0-12-409548-9",
doi = "https://doi.org/10.1016/B978-0-12-409548-9.09733-5",
url = "http://www.sciencedirect.com/science/article/pii/B9780124095489097335",
author = "N.S. Panikov"
}

@article{HERNANDEZ201946,
	title = {Economics Optimizing Control with Model Mismatch Based on Modifier Adaptation},
	journal = {IFAC-PapersOnLine},
	volume = {52},
	number = {1},
	pages = {46 - 51},
	year = {2019},
	note = {12th IFAC Symposium on Dynamics and Control of Process Systems, including Biosystems DYCOPS 2019},
	issn = {2405-8963},
	doi = {https://doi.org/10.1016/j.ifacol.2019.06.035},
	url = {http://www.sciencedirect.com/science/article/pii/S240589631930120X},
	author = {Reinaldo Hernández and Sebastian Engell}
}
